@article{chen2011c,
  title={{C-RAN the road towards green RAN}},
  author={{K. Chen and R. Duan}},
  volume={2},
  year={2011}
}

@misc{Kalliola2006,
author = {K. Kalliola et al.},
institution = {Nokia Corporation},
title = {{System and Methods for Direction Finding using a Handheld Device, US Patent 8115680}}
}

@article{Krizman1997,
author = {K.J. Krizman et al.},
journal = {Proceedings of the 47th IEEE Vehicular Technology Conference. Technology in Motion},
pages = {919--923},
title = {{Wireless position location: fundamentals, implementation strategies, and sources of error}},
volume = {2},
year = {1997}
}

@article{Sornin2015,
author = {{N. Sornin et al.}},
pages = {1--82},
title = {{LoRaWAN Specification}},
url = {https://www.lora-alliance.org/portals/0/specs/LoRaWAN Specification 1R0.pdf},
year = {2015}
}

@article{Abramson1970,
author = {{N. Abramson}},
journal = {AFIPS Fall Joint Computer Conference},
pages = {281--285},
title = {{The ALOHA System -- Another Alternative for Computer Communication}},
volume = {37},
year = {1970}
}

@manual{sx1301,
organization = "Semtech",
title = "SX1301 LoRa Baseband Signal Processor",
year = 2017,
url = {http://www.semtech.com/images/datasheet/sx1301.pdf}
}

@manual{sx1257,
organization  = "Semtech",
title         = "SX1257 RF Front-End Transceiver",
year          =  2012,
url = {http://www.semtech.com/images/datasheet/sx1257.pdf}
}

@article{GSMAssociation2016,
author = {{GSM Association}},
title = {{3GPP Low Power Wide Area Technologies (White Paper)}},
year = {2016}
}

@inproceedings{ratasuk2016nb,
  title={NB-IoT system for M2M communication},
  author={Ratasuk, Rapeepat and Vejlgaard, Benny and Mangalvedhe, Nitin and Ghosh, Amitava},
  booktitle={Wireless Communications and Networking Conference (WCNC), 2016 IEEE},
  pages={1--5},
  year={2016},
  organization={IEEE}
}


@techreport{Ingenu2015,
author = {Ingenu},
pages = {1--5},
title = {{How RPMA Works}},
url = {http://www.ingenu.com/get-started/resources/},
year = {2015}
}

@inproceedings{7499263, 
author={K. Mikhaylov et al.}, 
booktitle={Proceedings of the 22th European Wireless Conference}, 
title={{Analysis of Capacity and Scalability of the LoRa Low Power Wide Area Network Technology}}, 
year={2016}, 
pages={1-6},}

@article{sanchez2016state,
  title={State of the Art in LP-WAN Solutions for Industrial IoT Services},
  author={{R. Sanchez-Iborra et al.}},
  journal={Sensors},
  volume={16},
  pages={708},
  year={2016},
}

@techreport{LoRaWanAlliance2015,
author={{LoRa Alliance}},
title = {{LoRaWAN -- What is it? A Technical Overview of LoRa and LoRaWAN}},
url = {https://www.lora-alliance.org/portals/0/documents/whitepapers/LoRaWAN101.pdf},
year = {2015}
}

@ARTICLE{centenaro2016, 
author={M. Centenaro  et al.}, 
journal={IEEE Wireless Communications}, 
title={{Long-range communications in unlicensed bands: the rising stars in the IoT and smart city scenarios}}, 
year={2016}, 
volume={23}, 
number={5}, 
pages={60-67},}

@article{mangharam2007firefly,
  title={{FireFly: a cross-layer platform for real-time embedded wireless networks}},
  author={{R. Mangharam et al.}},
  journal={Real-Time Systems},
  volume={37},
  number={3},
  pages={183--231},
  year={2007},
}

@inproceedings{bicket2005architecture,
  title={{Architecture and evaluation of an unplanned 802.11 b mesh network}},
  author={{J. Bicket et al.}},
  booktitle={Proceedings of the 11th annual international conference on Mobile computing and networking},
  pages={31--42},
  year={2005},
}

@article{sornin2015lorawan,
  title={LoRaWAN Specifications},
  author={{N. Sornin et al.}},
  journal={LoRa Alliance},
  year={2015}
}

@misc{protobuff-google,
title={{Protocol Buffers - Google Developers}},
url={https://developers.google.com/protocol-buffers/},
}

@misc{lmic,
title={{LoRa WAN in C - IBM}},
url={https://www.research.ibm.com/labs/zurich/ics/lrsc/lmic.html},
}

@misc{lorabug-repo,
title={{LoRaBug repository}},
url={https://github.com/OpenChirp/LoRaBug},
}

@misc{dyn-attack-techcrunch,
title={{Large DDoS attacks cause outages at Twitter, Spotify, and other sites}},
url={https://techcrunch.com/2016/10/21/many-sites-including-twitter-and-spotify-suffering-outage/},
} 


@article{petric2016measurements,
  title={{Measurements, Performance and Analysis of LoRa FABIAN, a real-world implementation of LPWAN}},
  author={{T. Petri{\'c} et al}},
  year={2016}
}

@article{gholami2013rss,
  title={RSS-based sensor localization in the presence of unknown channel parameters},
  author={{M.R. Gholami et al}},
  journal={IEEE Transactions on Signal Processing},
  volume={61},
  number={15},
  pages={3752--3759},
  year={2013},
}

@inproceedings{sichitiu2004localization,
  title={{Localization of wireless sensor networks with a mobile beacon}},
  author={M. Sichitiu et al.},
  booktitle={Proceedings of the IEEE International Conference on Mobile Ad-hoc and Sensor Systems},
  pages={174--183},
  year={2004},
}

@article{sun2005signal,
  title={Signal processing techniques in network-aided positioning: a survey of state-of-the-art positioning designs},
  author={{G. Sun et al.}},
  journal={IEEE Signal Processing Magazine},
  volume={22},
  number={4},
  pages={12--23},
  year={2005},
}

@inproceedings{bargh2008indoor,
  title={Indoor localization based on response rate of bluetooth inquiries},
  author={{M.S. Bargh and R. de Groote}},
  booktitle={Proceedings of the 1st ACM international workshop on Mobile entity localization and tracking in GPS-less environments},
  pages={49--54},
  year={2008},
}

@inproceedings{lazik2015alps,
  title={ALPS: A bluetooth and ultrasound platform for mapping and localization},
  author={{P.Lazik et al.}},
  booktitle={Proceedings of the 13th ACM Conference on Embedded Networked Sensor Systems},
  pages={73--84},
  year={2015},
}

@inproceedings{kumar2014lte,
  title={LTE radio analytics made easy and accessible},
  author={ S.Kumar et al.},
  booktitle={ACM SIGCOMM Review},
  volume={44},
  number={4},
  pages={211--222},
  year={2014},
}


@inproceedings{kumar2014accurate,
  title={Accurate indoor localization with zero start-up cost},
  author={S. Kumar et al.},
  booktitle={Proceedings of the 20th ACM MobiCom},
  pages={483--494},
  year={2014},
}

@article{alliance2015technical,
  title={A technical overview of LoRa and LoRaWAN},
  author={Alliance, LoRa},
  journal={White Paper},
  year={2015}
}

@inproceedings{shi2014crowdsourcing,
  title={Crowdsourcing access network spectrum allocation using smartphones},
  author={J. Shi et al.},
  booktitle={Proceedings of the 13th ACM workshop on hot topics in networks},
  pages={17},
  year={2014},
}

@inproceedings{fatemieh2010secure,
  title={Secure collaborative sensing for crowd sourcing spectrum data in white space networks},
  author={{O. Fatemieh et al.}},
  booktitle={New Frontiers in Dynamic Spectrum, 2010 IEEE Symposium on},
  pages={1--12},
  year={2010},

}

@inproceedings{nekovee2010cognitive,
  title={Cognitive radio access to TV white spaces: Spectrum opportunities, commercial applications and remaining technology challenges},
  author={{M. Nekovee}},
  booktitle={IEEE Symposium on New Frontiers in Dynamic Spectrum, 2010},
  pages={1--10},

}

@article{yucek2009survey,
  title={A survey of spectrum sensing algorithms for cognitive radio applications},
  author={{T.Yucek et al}},
  journal={IEEE communications surveys \& tutorials},
  volume={11},
  number={1},
  pages={116--130},
  year={2009},
}

@article{mishra2005weighted,
  title={Weighted coloring based channel assignment for WLANs},
  author={{A. Mishra et al.}},
  journal={ACM SIGMOBILE Review},
  volume={9},
  number={3},
  pages={19--31},
  year={2005},

}

@article{baid2015understanding,
  title={Understanding channel selection dynamics in dense Wi-Fi networks},
  author={{A. Baid and D. Raychaudhuri}},
  journal={IEEE Communications Magazine},
  volume={53},
  number={1},
  pages={110--117},
  year={2015},
}

@inproceedings{khanna1998wireless,
  title={On wireless spectrum estimation and generalized graph coloring},
  author={S. Khanna and K. Kumaran},
  booktitle={Proceedings of the  Seventeenth Annual Joint Conference of the IEEE Computer and Communications Societies. INFOCOM'98.},
  volume={3},
  pages={1273--1283},
  year={1998},
}

@article{mcdiarmid2000channel,
  title={Channel assignment and weighted coloring},
  author={{C. McDiarmid and B. Reed}},
  journal={Networks},
  volume={36},
  number={2},
  pages={114--117},
  year={2000}
}

@article{maccurdy2009automatic,
  title={Automatic Animal Tracking Using Matched Filters and Time Difference of Arrival.},
  author={R. MacCurdy et al.},
  journal={JCM},
  volume={4},
  number={7},
  pages={487--495},
  year={2009},
}

@inproceedings{andrade2011reverse,
  title={A reverse {GPS} architecture for tracking and location of small objects},
  author={T. Andrade et al.}},
  booktitle={Localization and GNSS (ICL-GNSS), 2011 International Conference on},
  pages={77--80},
  year={2011},
}

@misc{symphonylink-linklabs,
title={Symphony Link | Link Labs},
url={https://www.link-labs.com/symphony/},
journal={Link Labs},
}


@inproceedings{toldov2016performance,
  title={Performance evaluation of LoRa radio solution for PREDNET wildlife animal tracking project},
  author={{V. Toldov et al.}},
  booktitle={LPWAN},
  year={2016}
}


@article{centenaro2015long,
  title={Long-range communications in unlicensed bands: The rising stars in the {IoT} and smart city scenarios},
  author={{M. Centenaro et al.}},
  journal={arXiv preprint arXiv:1510.00620},
  year={2015}
}


@inproceedings{rtlsdr,
  title={Low cost digital transceiver design for Software Defined Radio using RTL-SDR},
  author={{M.B.Sruthi et al.}},
  booktitle={Automation, Computing, Communication, Control and Compressed Sensing (iMac4s), 2013 International Multi-Conference on},
  pages={852--855},
  year={2013},
}


@inproceedings{chen2011implications,
  title={On the implications of the log-normal path loss model: an efficient method to deploy and move sensor motes},
  author={{Y. Chen and A. Terzis}},
  booktitle={Proceedings of the 9th ACM Conference on Embedded Networked Sensor Systems},
  pages={26--39},
  year={2011},
}

@inproceedings{ankerst1999optics,
  title={{OPTICS: Ordering Points To Identify the Clustering Structure}},
  author={{M. Ankerst et al. }},
  booktitle={Proceedings of the International Conference on Management of Data(SIGMOD)},
  pages={49--60},
  year={1999},
}

@inproceedings{rssi,
  title={A novel approach to indoor RSSI localization by automatic calibration of the wireless propagation model},
  author={P Barsocchi et al.},
  booktitle={Vehicular Technology Conference, 2009. VTC Spring 2009. IEEE 69th},
  pages={1--5},
  year={2009},
}

@inproceedings{mikhaylov2016analysis,
  title={Analysis of capacity and scalability of the {LoRa} low power wide area network technology},
  author={{K Mikhaylov et al.}},
  booktitle={European Wireless 2016; 22th European Wireless Conference; Proceedings of},
  pages={1--6},
  year={2016},
}

@article{ramachandranmupnp,
author = {{G Ramachandran et al.}},
year = {2017},
month = {01},
journal={COMSNETS 2017},
title = {{PnP-WAN: Experiences with LoRa and its deployment in DR Congo}}
}

@misc{loraserver,
title={LoRa server - open-source LoRaWAN server},
url={https://docs.loraserver.io/loraserver/},
author={Orne Brocaar},
year={accessed Jan 10, 2017},
}

@misc{sigfox,
title={Sigfox},
url={https://www.sigfox.com/},
year={accessed Jan 10, 2017}
}


@misc{SemtechLoRaCommunity,
title={Semtech LoRa Community},
url={https://semtech.force.com/},
year={accessed April 10, 2017},
}

@misc{things-network,
title={The Things Network},
url={https://www.thethingsnetwork.org/},
year={accessed Jan 10, 2017},
}


@article{FCC_Whitespaces,
  author = {FCC},
  title = {Second Report and Order and Memorandum Opinion and Order},
  url = {http://hraunfoss.fcc.gov/edocs{\_}public/attachmatch/FCC-08-260A1.pdf},
  year = {2010}
}


@article{alliance2015lorawan,
  title={LoRaWAN Specification},
  author={Alliance, LoRa},
  journal={LoRa Alliance},
  year={2015}
}

@article{zuniga2016sigfox,
  title={Sigfox System Description},
  author={JC Zuniga  and B Ponsard B},
  journal={LPWAN@ IETF97, Nov. 14th},
  year={2016}
}

@inproceedings{nwlocalization,
  title={Rigidity, computation, and randomization in network localization},
  author={T Eren et al},
  booktitle={Proceedings of 23rd IEEE INFOCOM},
  volume={4},
  pages={2673--2684},
  year={2004},
}

@inproceedings{sethnwlocalization,
  title={Robust distributed network localization with noisy range measurements},
  author={{ D Moore et al}},
  booktitle={Proceedings of the 2nd ACM international conference on Embedded networked sensor systems},
  pages={50--61},
  year={2004},
}

@inproceedings{Feng2011,
  title={Database-assisted multi-ap network on tv white spaces: Architecture, spectrum allocation and ap discovery},
  author={{X. Feng et al}},
  booktitle={New Frontiers in Dynamic Spectrum Access Networks (DySPAN), 2011 IEEE Symposium on},
  pages={265--276},
  year={2011},
  organization={IEEE}
}

@book{Vangelista2015,
  title={{Future Access Enablers for Ubiquitous and Intelligent Infrastructures}},
  author={V. Atanasovski and A. Leon-Garcia},
  year = {2015}
}

@article{Goursaud2015,
  author = {C. Goursaud and J.M.Gorce},
  journal = {EAI Endorsed Transactions on Internet of Things},
  title = {{Dedicated networks for IoT: PHY / MAC state of the art and challenges}},
  volume = {1},
  year = {2015}
}


@article{ATA8520E,
  author = {Atmel Corporation},
  title = {{ATA8520E Single-Chip SIGFOX RF Transceiver DATASHEET}},
  year = {2016}
}

@article{Raza2016,
  author = {{U. Raza et al}},
  pages = {1--15},
  title = {{Low Power Wide Area Networks: A Survey}},
  year = {2016}
}



@inproceedings{Margelis2015,
  author = {G. Margelis et al},
  booktitle = {Proceedings of the 2nd IEEE World Forum on Internet of Things (WF-IoT)},
  title = {Low Throughput Networks for the IoT: Lessons learned from industrial implementations},
  year = {2015}
}

@manual{semtech-sx1276,
    organization  = {Semtech Corporation},
    title         = {137 MHz to 1020 MHz Low Power Long Range Transceiver},
    year          =  2015,
}

@inproceedings{Bor2016,
 author = {M. Bor et al},
 title = {{Do LoRa Low-Power Wide-Area Networks Scale?}},
 booktitle = {Proceedings of the 19th ACM International Conference on Modeling, Analysis and Simulation of Wireless and Mobile Systems},
 year = {2016},
 pages = {59--67},
}

@book{ding1996chinese,
  title={{Chinese remainder theorem: applications in computing, coding, cryptography}},
  author={{C. Ding et al}},
  year={1996},
}

@inproceedings{xiong2013arraytrack,
  title={{ArrayTrack: A Fine-Grained Indoor Location System.}},
  author={{J.Xiong and K. Jamieson}},
  booktitle={Proceedings of the 10th USENIX Symposium on Networked Systems Design and Implementation (NSDI 13) NSDI},
  pages={71--84},
  year={2013}
}

@inproceedings{vasisht2016decimeter,
  title={{Decimeter-level localization with a single wifi access point}},
  author={{D. Vasisht et al}},
  booktitle={Proceedings of the 13th USENIX Symposium on Networked Systems Design and Implementation (NSDI 16)},
  pages={165--178},
  year={2016},
}

@inproceedings{iyer2006,
 author ={{A. Iyer et al}},
 title = {{What is the Right Model for Wireless Channel Interference?}},
 booktitle = {Proceedings of the 3rd International Conference on Quality of Service in Heterogeneous Wired/Wireless Networks},
 year = {2006},
} 


@inproceedings{eletreby2017empowering,
  title={{Empowering Low-Power Wide Area Networks in Urban Settings}},
  author={{R. Eletreby et al}},
  booktitle={Proceedings of the ACM Special Interest Group on Data Communication},
  pages={309--321},
  year={2017},
}

@article{shen2014rate,
  title={{Rate adaptation for 802.11 multiuser MIMO networks}},
  author={{W. Shen et al}},
  journal={IEEE Transactions on Mobile Computing},
  volume={13},
  number={1},
  pages={35--47},
  year={2014},
}

@inproceedings{tan2009sam,
  title={{SAM: enabling practical spatial multiple access in wireless LAN}},
  author={{K. Tan et al}},
  booktitle={{Proceedings of the 15th ACM MobiCom}},
  pages={49--60},
  year={2009},
}

@inproceedings{xie2014scalable,
  title={{Scalable user selection for MU-MIMO networks}},
  author={{X. Xie and X. Zhang}},
  booktitle={Proceedings of the 2014 IEEE INFOCOM},
  pages={808--816},
  year={2014},
}

@inproceedings{shepard2012argos,
  title={Argos: Practical many-antenna base stations},
  author={{C. Shepard et al}},
  booktitle={Proceedings of the 18th ACM MobiCom},
  pages={53--64},
  year={2012},
}

@article{larsson2014massive,
  title={{Massive MIMO for next generation wireless systems}},
  author={{E.G. Larsson et al}},
  journal={IEEE Communications Magazine},
  volume={52},
  number={2},
  pages={186--195},
  year={2014},
}

@inproceedings{lin2011random,
  title={{Random access heterogeneous MIMO networks}},
  author={{K. Lin et al}},
  booktitle={ACM SIGCOMM Review},
  volume={41},
  number={4},
  pages={146--157},
  year={2011},
  organization={ACM}
}

@inproceedings{kumar2013bringing,
  title={{Bringing cross-layer MIMO to today's wireless LANs}},
  author={{S. Kumar et al}},
  booktitle={ACM SIGCOMM Computer Communication Review},
  volume={43},
  number={4},
  pages={387--398},
  year={2013},
}

@inproceedings{hamed2016real,
  title={Real-time distributed MIMO systems},
  author={E. Hamed et al},
  booktitle={Proceedings of the 2016 ACM SIGCOMM 2016 conference on Applications, technologies, architectures, and protocols for computer communication},
  pages={412--425},
}

@inproceedings{rahul2012jmb,
  title={JMB: scaling wireless capacity with user demands},
  author={H.S. Rahul et al},
  booktitle={Proceedings of the 2012 ACM SIGCOMM 2012 conference on Applications, technologies, architectures, and protocols for computer communication},
  pages={235--246},
}

@inproceedings{yenamandra2014vidyut,
  title={{Vidyut: exploiting power line infrastructure for enterprise wireless networks}},
  author={V. Yenamandra and K. Srinivasan},
  booktitle={ACM SIGCOMM Computer Communication Review},
  volume={44},
  number={4},
  pages={595--606},
  year={2014},
}

@article{dohler2004resource,
  title={{A resource allocation strategy for distributed MIMO multi-hop communication systems}},
  author={M. Dohler et al},
  journal={IEEE Communications Letters},
  volume={8},
  number={2},
  pages={99--101},
  year={2004},
}

@article{sawahashi2010coordinated,
  title={{Coordinated multipoint transmission/reception techniques for LTE-advanced [Coordinated and Distributed MIMO]}},
  author={{M.Sawahashi et al}},
  journal={IEEE Wireless Communications},
  volume={17},
  number={3},
  year={2010},
}

@article{del2007cooperative,
  title={{Cooperative distributed MIMO channels in wireless sensor networks}},
  author={{A. Del Coso et al}},
  year={2007},
  journal={{IEEE Journal on Selected Areas in Communications}},
  volume={25},
  number={2},
  
}

@article{wubben2014benefits,
  title={{Benefits and impact of cloud computing on 5G signal processing: Flexible centralization through cloud-RAN}},
  author={{D. Wubben et al}},
  journal={{IEEE signal processing magazine}},
  volume={31},
  number={6},
  pages={35--44},
  year={2014},
}


@article{chih2014recent,
  title={{Recent progress on C-RAN centralization and cloudification}},
  author={{I. Chih-Lin et al}},
  journal={IEEE Access},
  volume={2},
  pages={1030--1039},
  year={2014},
}
@inproceedings{hadzialic2013cloud,
  title={Cloud-RAN: Innovative radio access network architecture},
  author={{M. Hadzialic et al.}},
  booktitle={Proceedings of the 55th International Symposium ELMAR },
  pages={115--120},
  year={2013},

}
@inproceedings{sabella2013ran,
  title={{RAN as a service: Challenges of designing a flexible RAN architecture in a cloud-based heterogeneous mobile network}},
  author={{D. Sabella et al.}},
  booktitle={Proceedings of the Future Network and Mobile Summit (FutureNetworkSummit)},
  pages={1--8},
  year={2013},
 }

@inproceedings{liu2013case,
  title={{The case for re-configurable backhaul in cloud-RAN based small cell networks}},
  author={{C. Liu et al.}},
  booktitle={Proceedings of the 32nd IEEE Infocom, },
  pages={1124--1132},
  year={2013}
}

@article{checko2015cloud,
  title={{Cloud RAN for mobile networks--A technology overview}},
  author={{A. Checko et al.}},
  journal={IEEE Communications surveys \& tutorials},
  volume={17},
  number={1},
  pages={405--426},
  year={2015},
}

@misc{comcast,
title={{Is Comcast an unexpected IoT pioneer?}},
author={{G. Soulères}},
year={2016},
}

@misc{comcast2,
title={{Comcast Will Test LoRaWAN IoT Networks in Two Markets}},
author={{S. Marek}},
year={2016},
}