@article{chen2011c,
  title={C-RAN the road towards green RAN},
  author={Chen, K and Duan, R},
  journal={China Mobile Research Institute, white paper},
  volume={2},
  year={2011}
}

@misc{Kalliola2006,
author = {Kalliola, K. and Doppler, K. and Kauppinen, H. and Jantunen, J. and Ollikainen, J. and Lehtiniemi, T. and Kainulainen, A. and Juntunen, J. O.},
institution = {Nokia Corporation},
publisher = {USPTO},
title = {{System and Methods for Direction Finding using a Handheld Device, US Patent 8115680}}
}

@article{Krizman1997,
author = {Krizman, K. J. and Biedka, T. E. and Rappaport, T. S.},
doi = {10.1109/VETEC.1997.600463},
isbn = {0-7803-3659-3},
issn = {1090-3038},
journal = {1997 IEEE 47th Vehicular Technology Conference. Technology in Motion},
pages = {919--923},
title = {{Wireless position location: fundamentals, implementation strategies, and sources of error}},
volume = {2},
year = {1997}
}

@article{Sornin2015,
author = {Sornin, N. and Luis, M. and Eirich, T. and Kramp, T. and Hersent, O.},
pages = {1--82},
title = {{LoRaWAN Specification}},
url = {https://www.lora-alliance.org/portals/0/specs/LoRaWAN Specification 1R0.pdf},
year = {2015}
}

@article{Abramson1970,
author = {Abramson, N.},
doi = {10.1145/1478462.1478502},
journal = {AFIPS Fall Joint Computer Conference},
keywords = {ALOHA,MAC protocol},
pages = {281--285},
title = {{The ALOHA System -- Another Alternative for Computer Communication}},
volume = {37},
year = {1970}
}

@manual{sx1301,
organization = "Semtech",
title = "SX1301 LoRa Baseband Signal Processor",
year = 2017,
month = 5,
note = "V2.3",
url = {http://www.semtech.com/images/datasheet/sx1301.pdf}
}

@manual{sx1257,
organization  = "Semtech",
title         = "SX1257 RF Front-End Transceiver",
year          =  2012,
month         =  2,    
note          = "Rev. 1",
url = {http://www.semtech.com/images/datasheet/sx1257.pdf}
}

@article{GSMAssociation2016,
author = {{GSM Association}},
title = {{3GPP Low Power Wide Area Technologies (White Paper)}},
year = {2016}
}

@inproceedings{Ratasuk2016,
author = {Ratasuk, Rapeepat and Vejlgaard, Benny and Mangalvedhe, Nitin and Ghosh, Amitava},
booktitle = {2016 IEEE Wireless Communications and Networking Conference Workshops, WCNCW 2016},
doi = {10.1109/WCNCW.2016.7552737},
isbn = {9781467386661},
issn = {15253511},
title = {{NB-IoT system for M2M communication}},
year = {2016}
}


@techreport{Ingenu2015,
address = {San Diego, CA},
author = {Ingenu},
institution = {Ingenu},
keywords = {Ingenu,OnRamp,RPMA},
pages = {1--5},
title = {{How RPMA Works}},
url = {http://www.ingenu.com/get-started/resources/},
year = {2015}
}

@INPROCEEDINGS{7499263, 
author={K. Mikhaylov and .. Juha Petaejaejaervi and T. Haenninen}, 
booktitle={European Wireless 2016; 22th European Wireless Conference}, 
title={Analysis of Capacity and Scalability of the LoRa Low Power Wide Area Network Technology}, 
year={2016}, 
pages={1-6}, 
month={May},}

@article{sanchez2016state,
  title={State of the Art in LP-WAN Solutions for Industrial IoT Services},
  author={Sanchez-Iborra, Ramon and Cano, Maria-Dolores},
  journal={Sensors},
  volume={16},
  number={5},
  pages={708},
  year={2016},
  publisher={Multidisciplinary Digital Publishing Institute}
}

@techreport{LoRaWanAlliance2015,
institution = {LoRa Alliance},
mendeley-groups = {LoRa},
number = {November},
pages = {1--20},
title = {{LoRaWAN -- What is it? A Technical Overview of LoRa and LoRaWAN}},
url = {https://www.lora-alliance.org/portals/0/documents/whitepapers/LoRaWAN101.pdf},
year = {2015}
}

@ARTICLE{centenaro2016, 
author={M. Centenaro and L. Vangelista and A. Zanella and M. Zorzi}, 
journal={IEEE Wireless Communications}, 
title={Long-range communications in unlicensed bands: the rising stars in the IoT and smart city scenarios}, 
year={2016}, 
volume={23}, 
number={5}, 
pages={60-67}, 
keywords={Internet of Things;cellular radio;packet radio networks;radio access networks;smart cities;telecommunication network topology;wide area networks;wireless mesh networks;2G-GSM-GPRS;IoT;LPWANs;access networks;data access;licensed frequency bands;long-range communications;long-range legacy cellular technology;low-power WANs;multihop mesh networks;short-range communication technology;smart city scenarios;star topology;unlicensed bands;unlicensed subgigahertz frequency bands;wireless connectivity;Connectivity;GPRS;Internet of things;Mesh networks;Smart cities;Wireless communication}, 
doi={10.1109/MWC.2016.7721743}, 
ISSN={1536-1284}, 
month={October},}

@article{mangharam2007firefly,
  title={FireFly: a cross-layer platform for real-time embedded wireless networks},
  author={Mangharam, Rahul and Rowe, Anthony and Rajkumar, Raj},
  journal={Real-Time Systems},
  volume={37},
  number={3},
  pages={183--231},
  year={2007},
  publisher={Springer}
}

@inproceedings{bicket2005architecture,
  title={Architecture and evaluation of an unplanned 802.11 b mesh network},
  author={Bicket, John and Aguayo, Daniel and Biswas, Sanjit and Morris, Robert},
  booktitle={Proceedings of the 11th annual international conference on Mobile computing and networking},
  pages={31--42},
  year={2005},
  organization={ACM}
}

@article{sornin2015lorawan,
  title={LoRaWAN Specifications},
  author={Sornin, N and Luis, M and Eirich, T and Kramp, T and Hersent, O},
  journal={LoRa Alliance},
  year={2015}
}

@misc{protobuff-google,
title={Protocol Buffers - Google Developers},
url={https://developers.google.com/protocol-buffers/},
journal={Google Developers}
}

@misc{lmic,
title={LoRa WAN in C - IBM},
url={https://www.research.ibm.com/labs/zurich/ics/lrsc/lmic.html},
journal={IBM},
year={accessed Jan 10, 2017},
}

@misc{lorabug-repo,
title={LoRaBug repository},
url={https://github.com/OpenChirp/LoRaBug},
year={accessed Jan 10, 2017},
}

@misc{dyn-attack-techcrunch,
title={Large DDoS attacks cause outages at Twitter, Spotify, and other sites},
url={https://techcrunch.com/2016/10/21/many-sites-including-twitter-and-spotify-suffering-outage/},
author={Etherington, Darrell and Conger, Kate},
journal={Techcrunch}
} 


@article{petric2016measurements,
  title={Measurements, Performance and Analysis of LoRa FABIAN, a real-world implementation of LPWAN},
  author={Petri{\'c}, Tara and Goessens, Mathieu and Nuaymi, Loutfi and Pelov, Alexander and Toutain, Laurent},
  year={2016}
}

@article{gholami2013rss,
  title={RSS-based sensor localization in the presence of unknown channel parameters},
  author={Gholami, Mohammad Reza and Vaghefi, Reza Monir and Str{\"o}m, Erik G},
  journal={IEEE Transactions on Signal Processing},
  volume={61},
  number={15},
  pages={3752--3759},
  year={2013},
  publisher={IEEE}
}

@inproceedings{sichitiu2004localization,
  title={Localization of wireless sensor networks with a mobile beacon},
  author={Sichitiu, Mihail L and Ramadurai, Vaidyanathan},
  booktitle={Mobile Ad-hoc and Sensor Systems, 2004 IEEE International Conference on},
  pages={174--183},
  year={2004},
  organization={IEEE}
}

@article{sun2005signal,
  title={Signal processing techniques in network-aided positioning: a survey of state-of-the-art positioning designs},
  author={Sun, Guolin and Chen, Jie and Guo, Wei and Liu, KJ Ray},
  journal={IEEE Signal Processing Magazine},
  volume={22},
  number={4},
  pages={12--23},
  year={2005},
  publisher={IEEE}
}

@inproceedings{bargh2008indoor,
  title={Indoor localization based on response rate of bluetooth inquiries},
  author={Bargh, Mortaza S and de Groote, Robert},
  booktitle={Proceedings of the first ACM international workshop on Mobile entity localization and tracking in GPS-less environments},
  pages={49--54},
  year={2008},
  organization={ACM}
}

@inproceedings{lazik2015alps,
  title={ALPS: A bluetooth and ultrasound platform for mapping and localization},
  author={Lazik, Patrick and Rajagopal, Niranjini and Shih, Oliver and Sinopoli, Bruno and Rowe, Anthony},
  booktitle={Proceedings of the 13th ACM Conference on Embedded Networked Sensor Systems},
  pages={73--84},
  year={2015},
  organization={ACM}
}

@inproceedings{kumar2014lte,
  title={LTE radio analytics made easy and accessible},
  author={Kumar, Swarun and Hamed, Ezzeldin and Katabi, Dina and Erran Li, Li},
  booktitle={ACM SIGCOMM Computer Communication Review},
  volume={44},
  number={4},
  pages={211--222},
  year={2014},
  organization={ACM}
}


@inproceedings{kumar2014accurate,
  title={Accurate indoor localization with zero start-up cost},
  author={Kumar, Swarun and Gil, Stephanie and Katabi, Dina and Rus, Daniela},
  booktitle={Proceedings of the 20th annual international conference on Mobile computing and networking},
  pages={483--494},
  year={2014},
  organization={ACM}
}

@article{alliance2015technical,
  title={A technical overview of LoRa and LoRaWAN},
  author={Alliance, LoRa},
  journal={White Paper},
  month={November},
  year={2015}
}

@inproceedings{shi2014crowdsourcing,
  title={Crowdsourcing access network spectrum allocation using smartphones},
  author={Shi, Jinghao and Guan, Zhangyu and Qiao, Chunming and Melodia, Tommaso and Koutsonikolas, Dimitrios and Challen, Geoffrey},
  booktitle={Proceedings of the 13th ACM workshop on hot topics in networks},
  pages={17},
  year={2014},
  organization={ACM}
}

@inproceedings{fatemieh2010secure,
  title={Secure collaborative sensing for crowd sourcing spectrum data in white space networks},
  author={Fatemieh, Omid and Chandra, Ranveer and Gunter, Carl A},
  booktitle={New Frontiers in Dynamic Spectrum, 2010 IEEE Symposium on},
  pages={1--12},
  year={2010},
  organization={IEEE}
}

@inproceedings{nekovee2010cognitive,
  title={Cognitive radio access to TV white spaces: Spectrum opportunities, commercial applications and remaining technology challenges},
  author={Nekovee, Maziar},
  booktitle={New Frontiers in Dynamic Spectrum, 2010 IEEE Symposium on},
  pages={1--10},
  year={2010},
  organization={IEEE}
}

@article{yucek2009survey,
  title={A survey of spectrum sensing algorithms for cognitive radio applications},
  author={Yucek, Tevfik and Arslan, Huseyin},
  journal={IEEE communications surveys \& tutorials},
  volume={11},
  number={1},
  pages={116--130},
  year={2009},
  publisher={IEEE}
}

@article{mishra2005weighted,
  title={Weighted coloring based channel assignment for WLANs},
  author={Mishra, Arunesh and Banerjee, Suman and Arbaugh, William},
  journal={ACM SIGMOBILE Mobile Computing and Communications Review},
  volume={9},
  number={3},
  pages={19--31},
  year={2005},
  publisher={ACM}
}

@article{baid2015understanding,
  title={Understanding channel selection dynamics in dense Wi-Fi networks},
  author={Baid, Akash and Raychaudhuri, Dipankar},
  journal={IEEE Communications Magazine},
  volume={53},
  number={1},
  pages={110--117},
  year={2015},
  publisher={IEEE}
}

@inproceedings{khanna1998wireless,
  title={On wireless spectrum estimation and generalized graph coloring},
  author={Khanna, Sanjeev and Kumaran, Krishnan},
  booktitle={INFOCOM'98. Seventeenth Annual Joint Conference of the IEEE Computer and Communications Societies. Proceedings. IEEE},
  volume={3},
  pages={1273--1283},
  year={1998},
  organization={IEEE}
}

@article{mcdiarmid2000channel,
  title={Channel assignment and weighted coloring},
  author={McDiarmid, Colin and Reed, Bruce},
  journal={Networks},
  volume={36},
  number={2},
  pages={114--117},
  year={2000}
}

@article{maccurdy2009automatic,
  title={Automatic Animal Tracking Using Matched Filters and Time Difference of Arrival.},
  author={MacCurdy, Robert and Gabrielson, Rich and Spaulding, Eric and Purgue, Alejandro and Cortopassi, Kathryn and Fristrup, Kurt},
  journal={JCM},
  volume={4},
  number={7},
  pages={487--495},
  year={2009},
  publisher={Citeseer}
}

@inproceedings{andrade2011reverse,
  title={A reverse GPS architecture for tracking and location of small objects},
  author={Andrade, Tiago and Alves, Lu{\'\i}s Nero and Cupido, Lu{\'\i}s and Santos, Dinis},
  booktitle={Localization and GNSS (ICL-GNSS), 2011 International Conference on},
  pages={77--80},
  year={2011},
  organization={IEEE}
}

@misc{symphonylink-linklabs,
title={Symphony Link | Link Labs},
url={https://www.link-labs.com/symphony/},
journal={Link Labs},
year={accessed Jan 10, 2017},
}


@inproceedings{toldov2016performance,
  title={Performance evaluation of LoRa radio solution for PREDNET wildlife animal tracking project},
  author={Toldov, Viktor and Jp, Meijers and Igual, Rom{\'a}n and Wolhuter, Riaan and Mitton, Nathalie and Clavier, Laurent},
  booktitle={LPWAN},
  year={2016}
}

@article{centenaro2015long,
  title={Long-range communications in unlicensed bands: The rising stars in the IoT and smart city scenarios},
  author={Centenaro, Marco and Vangelista, Lorenzo and Zanella, Andrea and Zorzi, Michele},
  journal={arXiv preprint arXiv:1510.00620},
  year={2015}
}


@inproceedings{rtlsdr,
  title={Low cost digital transceiver design for Software Defined Radio using RTL-SDR},
  author={Sruthi, MB and Abirami, M and Manikkoth, Akhil and Gandhiraj, R and Soman, KP},
  booktitle={Automation, Computing, Communication, Control and Compressed Sensing (iMac4s), 2013 International Multi-Conference on},
  pages={852--855},
  year={2013},
  organization={IEEE}
}


@inproceedings{chen2011implications,
  title={On the implications of the log-normal path loss model: an efficient method to deploy and move sensor motes},
  author={Chen, Yin and Terzis, Andreas},
  booktitle={Proceedings of the 9th ACM Conference on Embedded Networked Sensor Systems},
  pages={26--39},
  year={2011},
  organization={ACM}
}

@inproceedings{rssi,
  title={A novel approach to indoor RSSI localization by automatic calibration of the wireless propagation model},
  author={Barsocchi, Paolo and Lenzi, Stefano and Chessa, Stefano and Giunta, Gaetano},
  booktitle={Vehicular Technology Conference, 2009. VTC Spring 2009. IEEE 69th},
  pages={1--5},
  year={2009},
  organization={IEEE}
}

@inproceedings{mikhaylov2016analysis,
  title={Analysis of capacity and scalability of the LoRa low power wide area network technology},
  author={Mikhaylov, Konstantin and Pet{\"a}j{\"a}j{\"a}rvi, Juha and Haenninen, Tuomo},
  booktitle={European Wireless 2016; 22th European Wireless Conference; Proceedings of},
  pages={1--6},
  year={2016},
  organization={VDE}
}

@article{ramachandranmupnp,
author = {Ramachandran, Gowri and Yang, Fan and Lawrence, Piers and Michiels, Sam and Joosen, Wouter and Hughes, Danny},
year = {2017},
month = {01},
journal={COMSNETS 2017}
title = {$\mu$PnP-WAN: Experiences with LoRa and its deployment in DR Congo}
}

@misc{loraserver,
title={LoRa server - open-source LoRaWAN server},
url={https://docs.loraserver.io/loraserver/},
author={Orne Brocaar},
year={accessed Jan 10, 2017},
}

@misc{sigfox,
title={Sigfox},
url={https://www.sigfox.com/},
year={accessed Jan 10, 2017}
}


@misc{SemtechLoRaCommunity,
title={Semtech LoRa Community},
url={https://semtech.force.com/},
year={accessed April 10, 2017},
}

@misc{things-network,
title={The Things Network},
url={https://www.thethingsnetwork.org/},
year={accessed Jan 10, 2017},
}


@article{FCC_Whitespaces,
  author = {FCC},
  doi = {ET Docket No.08-260},
  file = {:home/artur-adm/Sync/Books {\&} Papers/Mendeley/2010/Tech. Rep/FCC{\_}Second Report and Order and Memorandum Opinion and Order{\_}2010.pdf:pdf},
  isbn = {FCC 10-174},
  journal = {Tech. Rep.},
  keywords = {eral communications commission},
  mendeley-groups = {Lora/TV white spaces},
  title = {{Second Report and Order and Memorandum Opinion and Order}},
  url = {http://hraunfoss.fcc.gov/edocs{\_}public/attachmatch/FCC-08-260A1.pdf},
  year = {2010}
}


@article{alliance2015lorawan,
  title={LoRaWAN Specification},
  author={Alliance, LoRa},
  journal={LoRa Alliance},
  year={2015}
}

@article{zuniga2016sigfox,
  title={Sigfox System Description},
  author={Zuniga, JC and Ponsard, B},
  journal={LPWAN@ IETF97, Nov. 14th},
  year={2016}
}

@inproceedings{nwlocalization,
  title={Rigidity, computation, and randomization in network localization},
  author={Eren, Tolga and Goldenberg, OK and Whiteley, Walter and Yang, Yang Richard and Morse, A Stephen and Anderson, Brian DO and Belhumeur, Peter N},
  booktitle={INFOCOM 2004. Twenty-third AnnualJoint Conference of the IEEE Computer and Communications Societies},
  volume={4},
  pages={2673--2684},
  year={2004},
  organization={IEEE}
}

@inproceedings{sethnwlocalization,
  title={Robust distributed network localization with noisy range measurements},
  author={Moore, David and Leonard, John and Rus, Daniela and Teller, Seth},
  booktitle={Proceedings of the 2nd international conference on Embedded networked sensor systems},
  pages={50--61},
  year={2004},
  organization={ACM}
}

@inproceedings{Feng2011,
  title={Database-assisted multi-ap network on tv white spaces: Architecture, spectrum allocation and ap discovery},
  author={Feng, Xiaojun and Zhang, Jin and Zhang, Qian},
  booktitle={New Frontiers in Dynamic Spectrum Access Networks (DySPAN), 2011 IEEE Symposium on},
  pages={265--276},
  year={2011},
  organization={IEEE}
}

@book{Vangelista2015,
  title={Future Access Enablers for Ubiquitous and Intelligent Infrastructures},
  author={Atanasovski, Vladimir and Leon-Garcia, Alberto},
  publisher={Springer},
  url = {http://link.springer.com/10.1007/978-3-319-27072-2},
  year = {2015}
}

@article{Goursaud2015,
  archivePrefix = {arXiv},
  arxivId = {eai.26- 10-2015.150597},
  author = {Goursaud, C and Gorce, J M},
  doi = {10.4108/eai.26-10-2015.150597},
  eprint = {eai.26- 10-2015.150597},
  issn = {2414-1399},
  journal = {EAI Endorsed Transactions on Internet of Things},
  month = {oct},
  number = {1},
  pages = {150597},
  title = {{Dedicated networks for IoT: PHY / MAC state of the art and challenges}},
  url = {http://eudl.eu/doi/10.4108/eai.26-10-2015.150597},
  volume = {1},
  year = {2015}
}


@article{ATA8520E,
  author = {Atmel Corporation},
  title = {{ATA8520E Single-Chip SIGFOX RF Transceiver DATASHEET}},
  year = {2016}
}

@article{Raza2016,
  archivePrefix = {arXiv},
  arxivId = {1606.07360},
  author = {Raza, Usman and Kulkarni, Parag and Sooriyabandara, Mahesh},
  eprint = {1606.07360},
  month = {jun},
  pages = {1--15},
  title = {{Low Power Wide Area Networks: A Survey}},
  url = {http://arxiv.org/abs/1606.07360},
  year = {2016}
}



@inproceedings{Margelis2015,
  author = {Margelis, George and Piechocki, Robert and Kaleshi, Dritan and Thomas, Paul},
  booktitle = {2015 IEEE 2nd World Forum on Internet of Things (WF-IoT)},
  doi = {10.1109/WF-IoT.2015.7389049},
  isbn = {978-1-5090-0366-2},
  month = {dec},
  pages = {181--186},
  publisher = {IEEE},
  title = {{Low Throughput Networks for the IoT: Lessons learned from industrial implementations}},
  url = {http://ieeexplore.ieee.org/document/7389049/},
  year = {2015}
}

@manual{semtech-sx1276,
    organization  = "Semtech Corporation",
    title         = "137 MHz to 1020 MHz Low Power Long Range Transceiver",
    number        = "SX1276/77/78/79",
    year          =  2015,
    month         =  3,    
    note          = "Rev. 4"
}

@inproceedings{Bor:2016:LLW:2988287.2989163,
 author = {Bor, Martin and Roedig, Utz and Voigt, Thiemo and Alonso, Juan M.},
 title = {Do LoRa Low-Power Wide-Area Networks Scale?},
 booktitle = {Proceedings of the 19th ACM International Conference on Modeling, Analysis and Simulation of Wireless and Mobile Systems},
 year = {2016},
 isbn = {978-1-4503-4502-6},
 location = {Malta, Malta},
 pages = {59--67},
 numpages = {9},
 doi = {10.1145/2988287.2989163},
 acmid = {2989163},
 publisher = {ACM},
 address = {New York, NY, USA},
 keywords = {lora, low-power wide-area network, scalability analysis}
}

@book{ding1996chinese,
  title={Chinese remainder theorem: applications in computing, coding, cryptography},
  author={Ding, Cunsheng and Pei, Dingyi and Salomaa, Arto},
  year={1996},
  publisher={World Scientific}
}

@inproceedings{xiong2013arraytrack,
  title={ArrayTrack: A Fine-Grained Indoor Location System.},
  author={Xiong, Jie and Jamieson, Kyle},
  booktitle={NSDI},
  pages={71--84},
  year={2013}
}

@inproceedings{vasisht2016decimeter,
  title={Decimeter-level localization with a single wifi access point},
  author={Vasisht, Deepak and Kumar, Swarun and Katabi, Dina},
  booktitle={13th USENIX Symposium on Networked Systems Design and Implementation (NSDI 16)},
  pages={165--178},
  year={2016},
  organization={USENIX Association}
}

@inproceedings{iyer2006,
 author = {Iyer, Aravind and Rosenberg, Catherine and Karnik, Aditya},
 title = {What is the Right Model for Wireless Channel Interference?},
 booktitle = {Proceedings of the 3rd International Conference on Quality of Service in Heterogeneous Wired/Wireless Networks},
 series = {QShine '06},
 year = {2006},
 isbn = {1-59593-537-1},
 location = {Waterloo, Ontario, Canada},
 articleno = {2},
 url = {http://doi.acm.org/10.1145/1185373.1185376},
 doi = {10.1145/1185373.1185376},
 acmid = {1185376},
 publisher = {ACM},
 address = {New York, NY, USA},
} 
